% mentions a research by IBM
@article{IBM-cloud-computing,
    author = {Azzi, Mike},
    title = {{IBM} Commits \$1.2 Billion to Expand Global Cloud Footprint},
    journal = {{IBM} News Room},
    month = jan,
    year = 2014,
    url = {https://www-03.ibm.com/press/us/en/pressrelease/42956.wss}
}

% mentions Licklider's idea
@article{computerweekly-history-cloud-computing,
    author = {Mohamed, Arif},
    title = {A history of cloud computing},
    journal = {Computer Weekly},
    month = mar,
    year = 2009,
    url = {http://www.computerweekly.com/feature/A-history-of-cloud-computing}
}

% mentions McCarthy's quote
@book{meersman2010move,
    title = {On the Move to Meaningful Internet Systems, OTM 2010: Confederated International Conferences: CoopIS, IS, DOA and ODBASE, Hersonissos, Greece, October 25-29, 2010, Proceedings},
    author = {Meersman, R. and Dillon, T. and Herrero, P.},
    isbn = {9783642169335},
    series = {Information Systems and Applications, incl. Internet/Web, and HCI},
    year = {2010},
    publisher = {Springer}
}


% Schmidt - "cloud computing" phrase
@online{google-eric-schmidt,
    title={Conversation with {Eric} {Schmidt} hosted by {Danny} {Sullivan}},
    author = {Eric Schmidt},
    month = sep,
    year = 2006,
    url = {http://www.google.com/press/podium/ses2006.html}
}

% contains McCarthy's picture
@article{stanford-mccarthy-obit,
    author = {Meyers, Andrew},
    title = {Stanford's {John McCarthy}, seminal figure of artificial intelligence, dies at 84},
    url = {http://news.stanford.edu/news/2011/october/john-mccarthy-obit-102511.html},
    journal = {Stanford News},
    month = oct,
    year = 2011,
}

% contains Licklider's picture
@article{atimes-zoya-phantom,
    author = {Murthy, Raja},
    title = {Zoya and the `Phantom of the Internet'},
    journal = {Asia Times},
    url = {http://atimes.com/2015/06/zoya-and-the-phantom-of-the-internet/},
    month = jun,
    year = 2015,
}

% contains Schmidt's picture
@article{forbes-eric-schmidt:online,
    author = {Worstall, Tim},
    title = {Eric Schmidt's Quite Right The Internet Will Disappear; All Technologies Do As They Mature},
    url = {http://www.forbes.com/sites/timworstall/2015/01/24/eric-schmidts-quite-right-the-internet-will-disappear-all-technologies-do-as-they-mature/},
    journal = {Forbes},
    month = jan,
    year = 2015,
}

% quote from CIO.com about cloud computing bottleneck
@article{cio-cloud-computing-bottleneck,
    author = {Golden, Bernard},
    title = {The Skinny Straw: Cloud Computing's Bottleneck and How to Address It},
    url = {http://www.cio.com/article/2425754/virtualization/the-skinny-straw--cloud-computing-s-bottleneck-and-how-to-address-it.html},
    journal = {CIO},
    month = ago,
    year = 2009,
}

% contains picture (how VMM works), the main types of service and other information
@online{cloud-computing-fundamentals,
    author = {Walker, Grace},
    title = {Cloud computing fundamentals},
    url = {http://www.ibm.com/developerworks/cloud/library/cl-cloudintro/},
    month = dec,
    year = 2010
}

% contains types of service
@book{informatica,
    title = {Informática: conceitos básicos},
    author = {Velloso, Fernando de Castro},
    edition = 8,
    isbn = {9788535247923},
    publisher = {Elsevier Brasil},
    year = 2011,
}

% contains explanation about types of clouds
@article{ibm-what-is-cloud-computing,
    title = {What is Cloud Computing},
    journal = {{IBM} Corporation},
    url = {http://www.ibm.com/cloud-computing/what-is-cloud-computing.html},
    year = 2015
}

% contains information on types of clouds
@book{sequeira2015comptia,
  title = {CompTIA Network+ N10-006 Quick Reference},
  author = {Sequeira, Anthony},
  isbn = {9780134097282},
  series = {Quick Reference},
  year = 2015,
  publisher = {Pearson Education}
}

% contains information on types of clouds
@article{technet-cloud-computing,
    title = {Glossário: Computação em Nuvem},
    author = {Lima, Luciano},
    journal = {Microsoft Technet},
    url = {http://social.technet.microsoft.com/wiki/pt-br/contents/articles/13425.glossario-computacao-em-nuvem.aspx},
    year = 2012,
    month = sep,
}

% contains information on types of clouds
@book{brown2014seguranca,
  title = {Segurança de Computadores},
  edition = 2,
  author = {Brown, L. and Stallings, W.},
  isbn = {9788535264500},
  year = {2014},
  publisher = {Elsevier Brasil}
}

% contains the fundamental principles of cloud computing
@article{gartner-what-to-evaluate,
    title = {Assessing the Security Risks of Cloud Computing},
    author = {Jay Heiser and Mark Nicolett},
    month = jun,
    year = 2008,
    journal = {Gartner Research},
}

% mentions Gartner research
@article{gartner-public-cloud-services,
    title = {Gartner Says Public Cloud Services Are Simultaneously Cannibalizing and
        Stimulating Demand for External IT Services Spending},
    journal = {Gartner},
    url = {http://www.gartner.com/newsroom/id/2220715},
    year = 2012,
    month = nov,
}

% mentions another Gartner research
@article{gartner-one-third,
    title = {Gartner Says That Consumers Will Store More Than a Third of Their Digital Content in the Cloud by 2016},
    url = {http://www.gartner.com/newsroom/id/2060215},
    journal = {Gartner},
    year = 2012,
    month = jun,
}

% Gartner top 10
@article{gartner-top-10,
    title = {Critical Capabilities for Public Cloud Storage Services},
    author = {Gene Ruth and Arun Chandrasekaran},
    url = {http://web.archive.org/web/20130621061931/http://www.gartner.com/technology/reprints.do?id=1-1D9C6ZM&ct=121216&st=sg},
    journal = {Gartner},
    year = 2012,
    month = dec,
}

% The cloud takes shape
@article{kmpg-cloud-takes-shape,
    title = {The cloud takes shape -- Global cloud survey: the implementation challenge},
    year = 2013,
    journal = {KPMG International Cooperative},
    url = {https://www.kpmg.com/FR/fr/IssuesAndInsights/ArticlesPublications/Documents/the-cloud-takes-shape.pdf},
}

% about grid computing
@book{ibm-redbooks-grid-computing,
    title = {Introduction to Grid Computing},
    author = {Bart Jacob and Michael Brown and Kentaro Fukui and Nihar Trivedi},
    month = dec,
    year = 2005,
    publisher = {Vervante},
    note = {IBM Redbooks},
    isbn = {0738494003},
}

% introduction
@article{aun-usp-dropbox-cloud-computing,
    title = {Desenvolvedor do {Dropbox} destaca evolução da ferramenta sob a luz da computação em nuvem},
    author = {Arthur Deantoni},
    month = apr,
    year = 2013,
    url = {http://www.usp.br/aun/exibir.php?id=5001},
    journal = {AUN-USP}
}

% introduction
@book{taurion-cloud,
    title = {Cloud Computing - Computação em Nuvem},
    author = {Taurion, Cezar},
    isbn = {9788574524238},
    publisher = {Brasport},
    year = 2009
}

% introduction
@article{reuters-industry-hope-clouds,
    title = {Computer industry hopes lie in the clouds},
    author = {Auchard, Eric},
    url = {http://www.reuters.com/article/columns-us-column-clouds-idUSTRE52P5QV20090326#PCxOvOHlx9AQEwV1.99},
    year = 2009,
    month = mar,
    journal = {Reuters},
}

% cartoon
@article{cloudtweaks-comic-cloud,
    title = {The Lighter Side of the Cloud -- Data Transfer},
    author = {David Fletcher},
    journal = {CloudTweaks},
    year = 2011,
    month = may,
    url = {http://cloudtweaks.com/2011/05/the-lighter-side-of-the-cloud-data-transfer/},
}
